
@Misc{ref1,
	title={Test de Turing},
	howpublished={https://sites.google.com/site/int3llig3nc3artifici3ll3/le-test-de-turing},
}

@book
{ref2,
author={Stephen Lucci and Danny Kopec},
title={2. Artificial Intelligence in the 21st Century, Second Edition},
}


@Article{ref3,
author={A.T. Kearney},
journal={world economic forum},
title={Technology and Innovation for the Future of Production: Accelerating Value Creation},
year={2017},
month={March},
}





