
@Misc{ref1,
	title={Test de Turing},
	howpublished={https://sites.google.com/site/int3llig3nc3artifici3ll3/le-test-de-turing},
}

@book
{ref2,
author={Stephen Lucci and Danny Kopec},
title={Artificial Intelligence in the 21st Century, Second Edition},
}

@Article{ref3,
author={A.T. Kearney},
journal={world economic forum},
title={Technology and Innovation for the Future of Production: Accelerating Value Creation},
year={2017},
month={March},
}

@manual{ref4,
	title={Deep dive chatbots},
	organization={Avanade},
	year={2017},
}

@Misc{ref5,
	title={Comprendre les chatbots},
howpublished={https://www.fabernovel.com/insights/tech/comprendre-les-chatbots},
}

@Misc{ref6,
	title={Les chatbots sur messenger},
howpublished={http://www.numerama.com/business/162745-facebook-lance-linvasion-des-bots-dans-messenger.html},
}

@Article{ref7,
author={Jean-claude Tarby},
journal={Université des Sciences Sociales - Toulouse},
title={Thèse Gestion automatique du dialogue homme-machine à partir de spécifications conceptuelles},
year={1993},
}

@Misc{ref8,
	title={Entretien avec Marcel Cori professeur de TAL à l’université paris X},
	howpublished={http://www.technolangue.net/imprimer.php3?idarticle=274},
}

@Article{ref9,
author={Claire Gardent},
title={Traitement des Langues Naturelles (TAL)},
year={2011},
}

@Article{ref10,
author={Mourad Amine},
	title={Glossaire de Linguistique Computationnelle},
	howpublished={http://www.technolangue.net/imprimer.php3?id_article=274},
	year={1995},
}

@Misc{ref11,
	title={Fichier aiml},
	howpublished={http://alicebot.wikidot.com/aiml:fr-fr:tsiewlan:humor-ed-aiml},
}

@manual{ref12,
author={R. Wallace},
	title={The Elements of AIML Style,},
	organization={A.I Foundation},
	year={2001},
}

@Article{ref13,
author={Dr. Richard S. Wallace},
	title={AIML Overview},
	howpublished={https://www.pandorabots.com/pandora/pics/wallaceaimltutorial.html},
	year={2000},
}

@book
{ref14,
author={G.G.Lee, H.K Kim, M.Jeong and J.-H Kim},
title={Natural language Dialog Systems and Intelligent Assistant},
}

@Article{ref15,
author={Wang YY, Deng L, Acero A},
	title={Spoken language understanding},
	year={2005},
}

@book
{ref16,
author={Tur G, Mori RD},
title={Spoken language understanding – systems for extracting semantic information from speech},
}

@Misc{ref17,
	title={Recast.ai},
	howpublished={https://blog.recast.ai/build-your-first-bot-with-recast-ai/},
}



